<?xml version="1.0" encoding="UTF-8"?><collection xmlns="http://www.loc.gov/MARC21/slim"><record><leader>00405nam--2200145-i-4500</leader><controlfield tag="001">000045390</controlfield><controlfield tag="002">20161230</controlfield><controlfield tag="005">20170211160355</controlfield><controlfield tag="008">060222s1000------------r-----000-0-eng-d</controlfield><datafield ind1=" " ind2=" " tag="080"><subfield code="a">541-16:541.042</subfield></datafield><datafield ind1=" " ind2=" " tag="245"><subfield code="a">Treatise on solid state chemistry. Vol.1: The chemical structure of solids</subfield></datafield><datafield ind1=" " ind2=" " tag="260"><subfield code="a">New York</subfield><subfield code="b">Plenum Press</subfield><subfield code="c">1975</subfield></datafield><datafield ind1=" " ind2=" " tag="700"><subfield code="a">Hannay, N. B</subfield></datafield><datafield ind1=" " ind2=" " tag="852"><subfield code="a">42729</subfield></datafield><datafield ind1=" " ind2=" " tag="CAT"><subfield code="a">SYS</subfield><subfield code="c">20170211</subfield><subfield code="h">160355</subfield></datafield></record></collection>